<?xml version="1.0" encoding="UTF-8"?><collection xmlns="http://www.loc.gov/MARC21/slim"><record><leader>00459nam--2200169-i-4500</leader><controlfield tag="001">000010599</controlfield><controlfield tag="002">20161230</controlfield><controlfield tag="005">20161230201028</controlfield><controlfield tag="008">060222s1000------------r-----000-0-eng-d</controlfield><datafield ind1=" " ind2=" " tag="040"><subfield code="a">IFIN-HH</subfield></datafield><datafield ind1=" " ind2=" " tag="080"><subfield code="a">539.124.143:539.143.43</subfield></datafield><datafield ind1="1" ind2=" " tag="100"><subfield code="a">Dixon, W.T</subfield></datafield><datafield ind1="1" ind2="0" tag="245"><subfield code="a">Theory and interpretation of magnetic resonance spectra</subfield><subfield code="c">W.t. dixon</subfield></datafield><datafield ind1=" " ind2=" " tag="260"><subfield code="a">London</subfield><subfield code="b">Plenum Press</subfield><subfield code="c">1972</subfield></datafield><datafield ind1=" " ind2=" " tag="300"><subfield code="a">164P</subfield></datafield><datafield ind1=" " ind2=" " tag="852"><subfield code="a">38326</subfield><subfield code="c">539.143.43</subfield></datafield><datafield ind1=" " ind2=" " tag="CAT"><subfield code="a">Sys</subfield><subfield code="c">20120508</subfield><subfield code="h">134516</subfield></datafield></record></collection>